<?xml version="1.0" encoding="UTF-8"?><record xmlns="http://www.loc.gov/MARC21/slim" xmlns:cinclude="http://apache.org/cocoon/include/1.0" xmlns:zs="http://www.loc.gov/zing/srw/">
  <leader>00873nz  a2200157n  4500</leader>
  <controlfield tag="001">nr 98022389 </controlfield>
  <controlfield tag="003">DLC</controlfield>
  <controlfield tag="005">19980616052054.5</controlfield>
  <controlfield tag="008">980615n| acannaab|          |a ana     c</controlfield>
  <datafield tag="010" ind1=" " ind2=" ">
    <subfield code="a">nr 98022389 </subfield>
  </datafield>
  <datafield tag="040" ind1=" " ind2=" ">
    <subfield code="a">CSt</subfield>
    <subfield code="c">CSt</subfield>
  </datafield>
  <datafield tag="110" ind1="2" ind2="0">
    <subfield code="a">Instituto Chileno de Estudios HumaniĚsticos.</subfield>
    <subfield code="b">Taller de Trabajo sobre Democracia Cristiana y Cultura Protestante</subfield>
  </datafield>
  <datafield tag="410" ind1="2" ind2="0">
    <subfield code="a">Taller de Trabajo sobre Democracia Cristiana y Cultura Protestante</subfield>
  </datafield>
  <datafield tag="410" ind1="2" ind2="0">
    <subfield code="a">Instituto Chileno de Estudios HumaniĚsticos.</subfield>
    <subfield code="b">Taller sobre Cultura Protestante</subfield>
  </datafield>
  <datafield tag="410" ind1="2" ind2="0">
    <subfield code="a">Taller sobre Cultura Protestante</subfield>
  </datafield>
  <datafield tag="670" ind1=" " ind2=" ">
    <subfield code="a">Primer Seminario Nacional sobre Libertad Religiosa en Chile, 1994:</subfield>
    <subfield code="b">cover (ICHEH, Taller sobre Cultura Protestante) p. 3-4 (Taller de Trabajo sobre Democracia Cristiana y Cultura Protestante; (beg. Aug. 1993 operates under the auspices of the Instituto Chileno de Estudios HumaniĚsticos, ICHEH)</subfield>
  </datafield>
</record>